[gd_scene load_steps=21 format=2]

[ext_resource path="res://Scenes/Main/Player/player.gd" type="Script" id=1]
[ext_resource path="res://Scenes/Main/Player/energy_system.gd" type="Script" id=2]
[ext_resource path="res://Scenes/Main/Player/Movement/movement_state_machine.gd" type="Script" id=3]
[ext_resource path="res://Scenes/Main/Player/WeaponSystem/WeaponsLoader.gd" type="Script" id=4]
[ext_resource path="res://Scenes/Main/Player/Movement/movement_system.gd" type="Script" id=5]
[ext_resource path="res://Scenes/Main/Player/Movement/interpolator.gd" type="Script" id=6]
[ext_resource path="res://Scenes/Main/Player/damage_system.gd" type="Script" id=7]
[ext_resource path="res://Scenes/Main/Player/Movement/Movements/jump.gd" type="Script" id=8]
[ext_resource path="res://Scenes/Main/Player/Movement/Movements/dash.gd" type="Script" id=9]
[ext_resource path="res://Scenes/Main/Player/Movement/Movements/shift.gd" type="Script" id=10]
[ext_resource path="res://Scenes/Main/Player/Movement/Movements/walk.gd" type="Script" id=12]
[ext_resource path="res://Scenes/Main/Player/Movement/Movements/dodge.gd" type="Script" id=14]
[ext_resource path="res://Scenes/Main/Player/Movement/Movements/rotate.gd" type="Script" id=16]
[ext_resource path="res://Scenes/Main/Player/Movement/Movements/slide.gd" type="Script" id=17]
[ext_resource path="res://Scenes/Main/Player/Movement/Movements/wall_jump.gd" type="Script" id=18]

[sub_resource type="CapsuleShape" id=3]
radius = 0.914321
height = 1.0733

[sub_resource type="CapsuleMesh" id=6]

[sub_resource type="SpatialMaterial" id=7]
albedo_color = Color( 0.882353, 0.498039, 0.976471, 1 )

[sub_resource type="CubeMesh" id=8]
size = Vector3( 0.1, 0.3, 0.1 )

[sub_resource type="SpatialMaterial" id=9]
albedo_color = Color( 0.137255, 0.945098, 0.0431373, 1 )

[node name="Player" type="KinematicBody"]
transform = Transform( 1, 0, 0, 0, 1, 0, 0, 0, 1, 0, 1.5, 0 )
script = ExtResource( 1 )
mass = 34.0
energy = NodePath("EnergySystem")
health = NodePath("DamageSystem")
movement = NodePath("MovementSystem")
collision = NodePath("Capsule")
movement_state_machine = NodePath("MovementStateMachine")
mesh = NodePath("Interpolated/Mesh")
weapon_system = NodePath("Interpolated/WeaponSystem")

[node name="Capsule" type="CollisionShape" parent="."]
transform = Transform( 0.988954, 0, 0, 0, -4.32286e-08, -0.988954, 0, 0.988954, -4.32286e-08, 0, 0, 0 )
shape = SubResource( 3 )

[node name="MovementStateMachine" type="Node" parent="."]
script = ExtResource( 3 )
movement = NodePath("../MovementSystem")

[node name="MovementSystem" type="Node" parent="."]
script = ExtResource( 5 )
dash = NodePath("Dash")
dodge = NodePath("Dodge")
jump = NodePath("Jump")
rotate = NodePath("Rotate")
shift = NodePath("Shift")
slide = NodePath("Slide")
walk = NodePath("Walk")
wall_jump = NodePath("Wall Jump")

[node name="Dash" type="Node" parent="MovementSystem"]
script = ExtResource( 9 )

[node name="Jump" type="Node" parent="MovementSystem"]
script = ExtResource( 8 )
force = 145.0

[node name="Dodge" type="Node" parent="MovementSystem"]
script = ExtResource( 14 )
dodge_force = 170

[node name="Rotate" type="Node" parent="MovementSystem"]
script = ExtResource( 16 )

[node name="Shift" type="Node" parent="MovementSystem"]
script = ExtResource( 10 )

[node name="Slide" type="Node" parent="MovementSystem"]
script = ExtResource( 17 )

[node name="Walk" type="Node" parent="MovementSystem"]
script = ExtResource( 12 )

[node name="Wall Jump" type="Node" parent="MovementSystem"]
script = ExtResource( 18 )
force = 155.0
jump_angle = 55.0
fall_acceleration = 11.0

[node name="EnergySystem" type="Node" parent="."]
script = ExtResource( 2 )

[node name="DamageSystem" type="Node" parent="."]
script = ExtResource( 7 )

[node name="Interpolated" type="Spatial" parent="."]
script = ExtResource( 6 )
target = NodePath("..")

[node name="Mesh" type="MeshInstance" parent="Interpolated"]
transform = Transform( 0.958, 0, 0, 0, -4.37114e-08, -0.958, 0, 1, -4.18755e-08, 0, 0, 0 )
mesh = SubResource( 6 )
skeleton = NodePath("")
material/0 = SubResource( 7 )

[node name="HeadDirection" type="MeshInstance" parent="Interpolated"]
transform = Transform( 1, 0, 0, 0, -4.37114e-08, -1, 0, 1, -4.37114e-08, 0, 0.778, 0.962 )
mesh = SubResource( 8 )
skeleton = NodePath("")
material/0 = SubResource( 9 )

[node name="WeaponSystem" type="Spatial" parent="Interpolated"]
transform = Transform( -0.707107, 0, 0.707107, 0, 1, 0, -0.707107, 0, -0.707107, 0, 0, 0 )
script = ExtResource( 4 )
