[gd_resource type="Theme" load_steps=17 format=2]

[ext_resource path="res://Theme/Assets/HoverButton_BGpng" type="Texture" id=1]
[ext_resource path="res://Fonts/Oxanium/static/Oxanium-Light.ttf" type="DynamicFontData" id=2]
[ext_resource path="res://Fonts/Presets/normal.tres" type="DynamicFont" id=3]
[ext_resource path="res://Theme/Assets/PressedButton.png" type="Texture" id=4]
[ext_resource path="res://Theme/Assets/Textline.png" type="Texture" id=5]
[ext_resource path="res://Theme/Assets/Button.png" type="Texture" id=6]
[ext_resource path="res://Theme/Assets/Panel.jpg" type="Texture" id=7]

[sub_resource type="StreamTexture" id=13]
flags = 4
load_path = "res://.import/HoverButton.png-50dc7ab90b71eeae1a9716c9ec852136.stex"

[sub_resource type="StyleBoxTexture" id=9]
texture = SubResource( 13 )
region_rect = Rect2( 0, 0, 129, 57 )

[sub_resource type="StyleBoxEmpty" id=14]

[sub_resource type="StyleBoxTexture" id=10]
texture = ExtResource( 1 )
region_rect = Rect2( 0, 0, 144, 62 )

[sub_resource type="StyleBoxTexture" id=11]
texture = ExtResource( 6 )
region_rect = Rect2( 0, 0, 144, 62 )

[sub_resource type="StyleBoxTexture" id=12]
texture = ExtResource( 4 )
region_rect = Rect2( 0, 0, 144, 62 )

[sub_resource type="DynamicFont" id=8]
size = 20
use_mipmaps = true
use_filter = true
extra_spacing_top = 10
extra_spacing_bottom = 6
font_data = ExtResource( 2 )

[sub_resource type="StyleBoxTexture" id=7]
texture = ExtResource( 5 )
region_rect = Rect2( 0, 0, 264, 46 )
margin_left = 16.0
margin_right = 16.0

[sub_resource type="StyleBoxTexture" id=15]
texture = ExtResource( 7 )
region_rect = Rect2( 0, 0, 2048, 1339 )

[resource]
default_font = ExtResource( 3 )
Button/colors/font_color = Color( 0.988235, 0.996078, 0.94902, 1 )
Button/colors/font_color_disabled = Color( 0.9, 0.9, 0.9, 0.2 )
Button/colors/font_color_focus = Color( 0.94, 0.94, 0.94, 1 )
Button/colors/font_color_hover = Color( 0.94, 0.94, 0.94, 1 )
Button/colors/font_color_pressed = Color( 1, 1, 1, 1 )
Button/constants/hseparation = 2
Button/fonts/font = null
Button/styles/disabled = SubResource( 9 )
Button/styles/focus = SubResource( 14 )
Button/styles/hover = SubResource( 10 )
Button/styles/normal = SubResource( 11 )
Button/styles/pressed = SubResource( 12 )
LineEdit/colors/clear_button_color = Color( 0.88, 0.88, 0.88, 1 )
LineEdit/colors/clear_button_color_pressed = Color( 1, 1, 1, 1 )
LineEdit/colors/cursor_color = Color( 0.94, 0.94, 0.94, 1 )
LineEdit/colors/font_color = Color( 0.462745, 0.984314, 0.807843, 1 )
LineEdit/colors/font_color_selected = Color( 0.462745, 0.984314, 0.807843, 1 )
LineEdit/colors/font_color_uneditable = Color( 0.88, 0.88, 0.88, 0.5 )
LineEdit/colors/selection_color = Color( 0.866667, 0.364706, 0.839216, 1 )
LineEdit/constants/minimum_spaces = 12
LineEdit/fonts/font = SubResource( 8 )
LineEdit/icons/clear = null
LineEdit/styles/focus = SubResource( 7 )
LineEdit/styles/normal = SubResource( 7 )
LineEdit/styles/read_only = null
Panel/styles/panel = SubResource( 15 )
