[gd_scene load_steps=8 format=2]

[ext_resource path="res://Network/player/NetworkedPlayer.gd" type="Script" id=1]

[sub_resource type="CapsuleMesh" id=1]

[sub_resource type="SpatialMaterial" id=2]
albedo_color = Color( 0.882353, 0.498039, 0.976471, 1 )

[sub_resource type="CubeMesh" id=4]
size = Vector3( 0.1, 0.3, 0.1 )

[sub_resource type="SpatialMaterial" id=5]
albedo_color = Color( 0.137255, 0.945098, 0.0431373, 1 )

[sub_resource type="CapsuleShape" id=3]
radius = 0.914321
height = 1.0733

[sub_resource type="ViewportTexture" id=6]
viewport_path = NodePath("NameTag/Viewport")

[node name="NetworkedPlayer" type="KinematicBody"]
transform = Transform( 1, 0, 0, 0, 1, 0, 0, 0, 1, 0, 1.5, 0 )
script = ExtResource( 1 )

[node name="Mesh" type="MeshInstance" parent="."]
transform = Transform( 1, 0, 0, 0, -4.37114e-08, -1, 0, 1, -4.37114e-08, 0, 0, 0 )
mesh = SubResource( 1 )
material/0 = SubResource( 2 )

[node name="HeadDirection" type="MeshInstance" parent="."]
transform = Transform( 1, 0, 0, 0, -4.37114e-08, -1, 0, 1, -4.37114e-08, 0, 0.778202, 0.962423 )
mesh = SubResource( 4 )
skeleton = NodePath("")
material/0 = SubResource( 5 )

[node name="Capsule" type="CollisionShape" parent="."]
transform = Transform( 0.988954, 0, 0, 0, -4.32286e-08, -0.988954, 0, 0.988954, -4.32286e-08, 0, 0, 0 )
shape = SubResource( 3 )

[node name="NameTag" type="Spatial" parent="."]
transform = Transform( 1, 0, 0, 0, 1, 0, 0, 0, 1, 0, 1.9867, 0 )

[node name="Viewport" type="Viewport" parent="NameTag"]
size = Vector2( 300, 20 )
transparent_bg = true

[node name="NametagLabel" type="Label" parent="NameTag/Viewport"]
anchor_right = 1.0
anchor_bottom = 1.0
text = "DisplayName"
align = 1
valign = 1

[node name="Sprite3D" type="Sprite3D" parent="NameTag"]
transform = Transform( 3, 0, 0, 0, 3, 0, 0, 0, 3, 0, 0, 0 )
flip_v = true
modulate = Color( 0.905882, 0.756863, 0.0784314, 1 )
billboard = 2
texture = SubResource( 6 )
